@article{vuillemin1978data,
  title={A data structure for manipulating priority queues},
  author={Vuillemin, Jean},
  journal={Communications of the ACM},
  volume={21},
  number={4},
  pages={309--315},
  year={1978},
  publisher={ACM}
}


@article{fredman1987fibonacci,
  title={Fibonacci heaps and their uses in improved network optimization algorithms},
  author={Fredman, Michael L and Tarjan, Robert Endre},
  journal={Journal of the ACM (JACM)},
  volume={34},
  number={3},
  pages={596--615},
  year={1987},
  publisher={ACM}
}

@book{kozen1992design,
  title={The design and analysis of algorithms},
  author={Kozen, Dexter},
  year={1992},
  publisher={Springer}
}

@book{dunlap1997golden,
  title={The golden ratio and Fibonacci numbers},
  author={Dunlap, Richard A},
  year={1997},
  publisher={World Scientific}
}

@misc{racket_dialect,
  title = {{Racket}},
  howpublished = "\url{http://docs.racket-lang.org/guide/dialects.html}",
  note = "[Accessed October 9, 2013]"
}
